<?xml version="1.0" encoding="UTF-8"?><record xmlns="http://www.loc.gov/MARC21/slim" xmlns:cinclude="http://apache.org/cocoon/include/1.0" xmlns:zs="http://www.loc.gov/zing/srw/">
  <leader>00656cz  a2200133n  4500</leader>
  <controlfield tag="001">n  96105421 </controlfield>
  <controlfield tag="003">DLC</controlfield>
  <controlfield tag="005">19970819145744.3</controlfield>
  <controlfield tag="008">961030n| acannaab|          |n aaa ||| c</controlfield>
  <datafield tag="010" ind1=" " ind2=" ">
    <subfield code="a">n  96105421 </subfield>
    <subfield code="z">n  96108940 </subfield>
  </datafield>
  <datafield tag="040" ind1=" " ind2=" ">
    <subfield code="a">Uk</subfield>
    <subfield code="c">DLC</subfield>
    <subfield code="d">DLC</subfield>
  </datafield>
  <datafield tag="100" ind1="1" ind2="0">
    <subfield code="a">Scott, Stuart R.</subfield>
  </datafield>
  <datafield tag="667" ind1=" " ind2=" ">
    <subfield code="a">Data prepared by the British Library</subfield>
  </datafield>
  <datafield tag="670" ind1=" " ind2=" ">
    <subfield code="a">Battle-axe Blenheims, 1996:</subfield>
    <subfield code="b">t.p. (Stuart R. Scott) jkt. (Stuart Robert Scott; born in Giffnock, Scotland; he was educated in Renfrewshire; graduate of the Univ. of Strathclyde; BSc; a chartered electrical engineer and a member of the Institution of Electrical Engineers; works as an electrical engineering manager in East Kilbride)</subfield>
  </datafield>
</record>